%% This BibTeX bibliography file was created using BibDesk.
%% http://bibdesk.sourceforge.net/


%% Created for Tammo Schwindt at 2014-08-06 08:22:14 -0400 


%% Saved with string encoding Unicode (UTF-8) 



@article{Mutschler,
	Author = {Mutschler, P. and Marcks, M.},
	Date-Added = {2014-08-05 20:40:16 +0000},
	Date-Modified = {2014-08-05 20:40:16 +0000},
	Doi = {10.1109/41.993269},
	Issn = {0278-0046},
	Journal = {Industrial Electronics, IEEE Transactions on},
	Keywords = {10 kVA;400 Hz;AC-AC power conversion;DSP;active damping;direct control method;direct current control;line filter resonance;matrix converters;sinusoidal mains current;AC-AC power convertors;control system synthesis;electric current control;harmonic distortion;load (electric);power conversion harmonics;},
	Month = {apr},
	Number = {2},
	Pages = {362 -369},
	Title = {A direct control method for matrix converters},
	Volume = {49},
	Year = {2002},
	Bdsk-Url-1 = {http://dx.doi.org/10.1109/41.993269}}

@inproceedings{730300,
	Author = {Holmes, D.G.},
	Booktitle = {Industry Applications Conference, 1998. Thirty-Third IAS Annual Meeting. The 1998 IEEE},
	Date-Added = {2014-08-05 20:40:16 +0000},
	Date-Modified = {2014-08-05 20:40:16 +0000},
	Doi = {10.1109/IAS.1998.730300},
	Keywords = {FFT;Jacobi-Anger expansions;carrier based PWM strategies;closed form solutions;digital simulation;double Fourier integral;fundamental frequencies;inner integral limits;modulation depths;outer integral limits;performance index;pulse ratio;switched power converters;switched waveform;theoretical harmonic components;Fourier transforms;PWM power convertors;power conversion harmonics;switching circuits;},
	Month = oct,
	Pages = {1207 -1214 vol.2},
	Title = {A general analytical method for determining the theoretical harmonic components of carrier based PWM strategies},
	Volume = {2},
	Year = {1998},
	Bdsk-Url-1 = {http://dx.doi.org/10.1109/IAS.1998.730300}}

@inproceedings{Schr1103:Hard,
	Abstract = {In recent years the simulation tools have been optimized for precise
modelling and simulation for their special purpose. Therefore the
simulation tools have been developed to model and simulate a certain
problem. In the past, the hardware was used to be modeled in a SPICE
simulator, the software in a signal and differential equation based
simulator. Nowadays the investigated systems are decreasingly only software
or only hardware but a complex system architecture of hard- and software
interlinked with each other. Therefore the interfaces of hard- and software
can not always be simpilfied to a simple mathematical function as an
initial precondition for isolated simulation of hard- and software. Due to
the absent ability of simplifying the interfaces, a Co-simulation of hard-
and software has to be performed. In this paper a holistic model of an
matrix converter is presented, modelling power electronics in PSPICE and
commutating logic as well as software in MATLAB/Simulink.},
	Address = {Cambridge, United Kingdom},
	Author = {Schramm, Andreas},
	Booktitle = {UKSim 13th International Conference on Computer Modelling and Simulation (UKSim2011)},
	Date-Added = {2014-08-05 20:40:16 +0000},
	Date-Modified = {2014-08-05 20:40:16 +0000},
	Days = 30,
	Keywords = {matrix converter, simulation, modelling, cosimulation hardware, software, MATLAB, PSPICE},
	Month = 3,
	Title = {A Hard- and Software Co-simulation Model of a Matrix Converter},
	Year = 2011}

@inproceedings{1262828,
	Author = {Krug, F. and Braun, S. and Kishida, Y. and Russer, P.},
	Booktitle = {Microwave Conference, 2003. 33rd European},
	Date-Added = {2014-08-05 20:40:16 +0000},
	Date-Modified = {2014-08-05 20:40:16 +0000},
	Doi = {10.1109/EUMC.2003.1262828},
	Keywords = {30 to 1000 MHz; digital quasi peak detector; digital signal processing; drill machine; electromagnetic interference; quasi peak detector; signal recording; time domain EMI measurement; time domain measurements; ultra fast EMI measurement; analogue-digital conversion; electromagnetic interference; signal detection; time-domain analysis;},
	Month = oct.,
	Pages = {1027 - 1030 Vol.3},
	Title = {A novel digital quasi-peak detector for time-domain measurements},
	Volume = {3},
	Year = {2003},
	Bdsk-Url-1 = {http://dx.doi.org/10.1109/EUMC.2003.1262828}}

@book{Wangenheim,
	Author = {v. Wangenheim, Lutz},
	Date-Added = {2014-08-05 20:40:16 +0000},
	Date-Modified = {2014-08-05 20:40:16 +0000},
	Publisher = {Springer Verlag},
	Title = {Aktive Filter und Oszillatoren: Entwurf und Schaltungstechnik mit integrierten Bausteinen},
	Year = {2008}}

@book{Lau,
	Author = {Lau, Dietlinde},
	Date-Added = {2014-08-05 20:40:16 +0000},
	Date-Modified = {2014-08-05 20:40:16 +0000},
	Publisher = {Springer Verlag},
	Title = {Algebra und diskrete Mathematik 2},
	Year = {2004}}

@book{Wangenheim2,
	Author = {v. Wangenheim, Lutz},
	Date-Added = {2014-08-05 20:40:16 +0000},
	Date-Modified = {2014-08-05 20:40:16 +0000},
	Publisher = {GWV Fachverlage},
	Title = {Analoge Signalverarbeitung},
	Year = {2010}}

@article{Ziogas,
	Author = {Ziogas, Phoivos D. and Khan, Shahidul I. and Rashid, Muhammad H.},
	Date-Added = {2014-08-05 20:40:16 +0000},
	Date-Modified = {2014-08-05 20:40:16 +0000},
	Doi = {10.1109/TIE.1986.350233},
	Issn = {0278-0046},
	Journal = {Industrial Electronics, IEEE Transactions on},
	Month = {aug.},
	Number = {3},
	Pages = {271 -280},
	Title = {Analysis and Design of Forced Commutated Cycloconverter Structures with Improved Transfer Characteristics},
	Volume = {IE-33},
	Year = {1986},
	Bdsk-Url-1 = {http://dx.doi.org/10.1109/TIE.1986.350233}}

@article{Alesina2,
	Author = {Alesina, A. and Venturini, M.G.B.},
	Date-Added = {2014-08-05 20:40:16 +0000},
	Date-Modified = {2014-08-05 20:40:16 +0000},
	Doi = {10.1109/63.21879},
	Issn = {0885-8993},
	Journal = {Power Electronics, IEEE Transactions on},
	Keywords = {PWM;control algorithm;direct AC-AC converters;feedback techniques;maximum input-output transformer ratio;optimum-amplitude nine-switch convertor;output voltage ability;pulse-width-modulated converters;feedback;power convertors;pulse width modulation;},
	Month = {jan},
	Number = {1},
	Pages = {101 -112},
	Title = {Analysis and design of optimum-amplitude nine-switch direct AC-AC converters},
	Volume = {4},
	Year = {1989},
	Bdsk-Url-1 = {http://dx.doi.org/10.1109/63.21879}}

@phdthesis{Lorentz,
	Author = {Lorentz, Vincent},
	Date-Added = {2014-08-05 20:40:16 +0000},
	Date-Modified = {2014-08-05 20:40:16 +0000},
	School = {Universit{\"a}t Erlangen},
	Title = {Bidirektionale DC-Spannungswandlung f{\"u}r Kleinleistungsanwendungen},
	Year = {2010}}

@phdthesis{Jussila,
	Author = {Jussila, Matti},
	Date-Added = {2014-08-05 20:40:16 +0000},
	Date-Modified = {2014-08-05 20:40:16 +0000},
	School = {Tampere University of Technology},
	Title = {Comparison of Space-Vector-Modulated Direct and Indirect Matrix Converters in Low-Power Applications},
	Year = {2007}}

@inproceedings{She,
	Author = {She, Hongwu and Lin, Hua and Wang, Xingwei and Yue, Limin},
	Booktitle = {Power Electronics and Drive Systems, 2009. PEDS 2009. International Conference on},
	Date-Added = {2014-08-05 20:40:16 +0000},
	Date-Modified = {2014-08-05 20:40:16 +0000},
	Doi = {10.1109/PEDS.2009.5385684},
	Keywords = {LC input filter;buck PWM rectifier;current spike;damped input filter design;damping factor;damping resistance parameter selection;frequency response approach;matrix converter;parameter selection approach;power 5.5 kW;start-up circuit;start-up process;steady state process;transfer function;PWM rectifiers;damping;matrix convertors;power factor;transfer functions;},
	Month = nov.,
	Pages = {672 -677},
	Title = {Damped input filter design of matrix converter},
	Year = {2009},
	Bdsk-Url-1 = {http://dx.doi.org/10.1109/PEDS.2009.5385684}}

@book{WE,
	Author = {Elektronik, W{\"u}rth},
	Date-Added = {2014-08-05 20:40:16 +0000},
	Date-Modified = {2014-08-05 20:40:16 +0000},
	Title = {Datenblatt der Ferrith{\"u}lse WE-AFB LFS 7427727},
	Year = {2010}}

@book{Naundorf,
	Author = {Naundorf, U.},
	Date-Added = {2014-08-05 20:40:16 +0000},
	Date-Modified = {2014-08-05 20:40:16 +0000},
	Publisher = {Oldenburg Wissenschafts Verlag},
	Title = {Digitale Elektronik},
	Year = {2004}}

@book{Werner2,
	Author = {Werner, Martin},
	Date-Added = {2014-08-05 20:40:16 +0000},
	Date-Modified = {2014-08-05 20:40:16 +0000},
	Edition = {4.},
	Publisher = {Vieweg + Teubner},
	Subtitle = {Eine Einf{\"u}hrung f{\"u}r alle Studieng{\"a}nge},
	Title = {Digitale Signalverarbeitung mit MATLAB: Grundkurs mit 16 ausf{\"u}hrlichen Versuchen},
	Year = {2009}}

@inproceedings{Boll,
	Author = {Boll, J. and Fuchs, F.W.},
	Booktitle = {Industrial Electronics, 2005. ISIE 2005. Proceedings of the IEEE International Symposium on},
	Date-Added = {2014-08-05 20:40:16 +0000},
	Date-Modified = {2014-08-05 20:40:16 +0000},
	Doi = {10.1109/ISIE.2005.1529014},
	Keywords = {direct control methods; direct current control; direct torque control; induction machine; matrix converter; sliding mode control; asynchronous machines; control system analysis; electric current control; machine control; matrix convertors; torque control; variable structure systems;},
	Month = {june},
	Pages = {781 - 787 vol. 2},
	Title = {Direct control methods for matrix converter and induction machine},
	Volume = {2},
	Year = {2005},
	Bdsk-Url-1 = {http://dx.doi.org/10.1109/ISIE.2005.1529014}}

@phdthesis{Marcks,
	Author = {Marcks, Mathias},
	Date-Added = {2014-08-05 20:40:16 +0000},
	Date-Modified = {2014-08-05 20:40:16 +0000},
	School = {Technische Universit{\"a}t Darmstadt},
	Title = {Direkte Regelung eines Matrixumrichters sowie M{\"o}glichkeit zum stromlosen Schalten},
	Year = {1998}}

@book{patent:7033406,
	Author = {Weir, Richard Dean (Cedar Park, TX US) Nelson Carl Walter (Austin TX US)},
	Date-Added = {2014-08-05 20:40:16 +0000},
	Date-Modified = {2014-08-05 20:40:16 +0000},
	Month = {April},
	Number = {7033406},
	Title = {Electrical-energy-storage unit (EESU) utilizing ceramic and integrated-circuit technologies for replacement of electrochemical batteries},
	Url = {http://www.freepatentsonline.com/7033406.html},
	Year = {2006},
	Bdsk-Url-1 = {http://www.freepatentsonline.com/7033406.html}}

@phdthesis{Schinkel,
	Author = {Schinkel, Marcus},
	Date-Added = {2014-08-05 20:40:16 +0000},
	Date-Modified = {2014-08-05 20:40:16 +0000},
	School = {Technische Universit{\"a}t Berlin},
	Title = {Entwurf und Simulation aktiver EMV-Filter f{\"u}r dreiphasige drehzahlver{\"a}nderbare Antriebe},
	Year = {2009}}

@inproceedings{4550056,
	Author = {Lee, Sangyong and Hyun, Jin-Gul and Pak, Jim So and Lee, Heejae and Jeon, Hyun Sin and Paik, Kyung-Wook},
	Booktitle = {Electronic Components and Technology Conference, 2008. ECTC 2008. 58th},
	Date-Added = {2014-08-05 20:40:16 +0000},
	Date-Modified = {2014-08-05 20:40:16 +0000},
	Doi = {10.1109/ECTC.2008.4550056},
	Issn = {0569-5503},
	Keywords = {adhesive;composite embedded capacitor films;copper clad laminates;dielectric constant;dielectric properties;dielectrics;epoxy;frequency 100 kHz;humidity;multi-layer PCB build-up process;printed circuit boards;prototype-scale embedded capacitors;stray effect;temperature 150 degC;temperature 260 degC;barium compounds;composite materials;high-k dielectric thin films;polymer films;printed circuits;thin film capacitors;},
	Month = may,
	Pages = {742 -746},
	Title = {Fabrication and characterization of embedded capacitors in printed circuit boards using B-stage epoxy/BaTiO3 composite embedded capacitor films (ECFs)},
	Year = {2008},
	Bdsk-Url-1 = {http://dx.doi.org/10.1109/ECTC.2008.4550056}}

@book{Butz,
	Author = {Butz, Tilman},
	Date-Added = {2014-08-05 20:40:16 +0000},
	Date-Modified = {2014-08-05 20:40:16 +0000},
	Edition = {6.},
	Publisher = {Vieweg + Teubner},
	Title = {Fouriertransformation f{\"u}r Fu{\ss}g{\"a}nger},
	Year = {2009}}

@book{Preuss,
	Author = {Preu\ss, Wolfgang},
	Date-Added = {2014-08-05 20:40:16 +0000},
	Date-Modified = {2014-08-05 20:40:16 +0000},
	Publisher = {Fachbuchverlag Leipzig des Hanser Verlags},
	Title = {Funktionaltransformationen},
	Year = {2002}}

@book{Tietze,
	Author = {Tietze, U. and Schenk, Ch.},
	Date-Added = {2014-08-05 20:40:16 +0000},
	Date-Modified = {2014-08-05 20:40:16 +0000},
	Edition = {12.},
	Publisher = {Springer Verlag},
	Title = {Halbleiter-Schaltungstechnik},
	Year = {2002}}

@book{Stoelting,
	Author = {St{\"o}lting, Hans-Dieter and Kallenbach, Eberhard},
	Date-Added = {2014-08-05 20:40:16 +0000},
	Date-Modified = {2014-08-05 20:40:16 +0000},
	Publisher = {Hanser Verlag},
	Title = {Handbuch elektrischer Kleinantriebe},
	Year = {2006}}

@inproceedings{1187660,
	Author = {Zhen, Chen and Mingbin, Yu and Yi, Zhang and Lihui, Guo},
	Booktitle = {Microwave and Millimeter Wave Technology, 2002. Proceedings. ICMMT 2002. 2002 3rd International Conference on},
	Date-Added = {2014-08-05 20:40:16 +0000},
	Date-Modified = {2014-08-05 20:40:16 +0000},
	Doi = {10.1109/ICMMT.2002.1187660},
	Keywords = {0.18 micron; MIMIM; RF characteristics; capacitance density; equivalent circuit model; metal-insulator-metal-insulator-metal structure; monolithic microwave integrated circuit; on-chip capacitor;Cu-SiO2;Cu/SiO2 interconnect technology; MIM devices; MMIC; capacitance; capacitors; copper; equivalent circuits; integrated circuit interconnections; silicon compounds;},
	Month = aug.,
	Pages = {163 - 166},
	Title = {High capacitance density on-chip capacitor for Cu/SiO2 interconnect technology},
	Year = {2002},
	Bdsk-Url-1 = {http://dx.doi.org/10.1109/ICMMT.2002.1187660}}

@inproceedings{Gabriel,
	Author = {Gabriel, Rupprecht},
	Date-Added = {2014-08-05 20:40:16 +0000},
	Date-Modified = {2014-08-05 20:40:16 +0000},
	Journal = {ETG-Fachbericht},
	Month = {Mai},
	Pages = {213 - 220},
	Title = {Integration und Mikroelektronik in der Antriebstechnik -- wie aus Systemen Komponenten werden.},
	Volume = {72},
	Year = {1998}}

@inproceedings{Alesina,
	Author = {Alesina, A. and Venturini, M.},
	Booktitle = {Power Electronics Specialists Conference, 1988. PESC '88 Record., 19th Annual IEEE},
	Date-Added = {2014-08-05 20:40:16 +0000},
	Date-Modified = {2014-08-05 20:40:16 +0000},
	Doi = {10.1109/PESC.1988.18273},
	Keywords = {amplitude limits;control algorithm;direct AC-AC PWM converters;feedback;optimum design;power convertors;feedback;optimal control;power convertors;pulse width modulation;},
	Month = {april},
	Pages = {1284 -1291 vol.2},
	Title = {Intrinsic amplitude limits and optimum design of 9-switches direct PWM AC-AC converters},
	Year = {1988},
	Bdsk-Url-1 = {http://dx.doi.org/10.1109/PESC.1988.18273}}

@book{Roth-StielowLE,
	Author = {Roth-Stielow, J{\"o}rg},
	Date-Added = {2014-08-05 20:40:16 +0000},
	Date-Modified = {2014-08-05 20:40:16 +0000},
	Publisher = {Vorlesungsskript \& Mitschriebe an der Universit{\"a}t Stuttgart},
	Title = {Leistungselektronik I},
	Year = {2006}}

@book{Papula,
	Author = {Papula, Lothar},
	Date-Added = {2014-08-05 20:40:16 +0000},
	Date-Modified = {2014-08-05 20:40:16 +0000},
	Edition = {9.},
	Publisher = {Vieweg Verlag},
	Title = {Mathematische Formelsammlung},
	Year = {2006}}

@book{Benker,
	Author = {Benker, Hans},
	Date-Added = {2014-08-05 20:40:16 +0000},
	Date-Modified = {2014-08-05 20:40:16 +0000},
	Publisher = {Springer Verlag},
	Title = {Mathematische Optimierung mit Computeralgebrasystemen},
	Year = {2004}}

@article{5535191,
	Author = {Ormaetxea, E. and Andreu, J. and Kortabarria, I. and Bidarte, U. and de Alegri anda, I. M. and Ibarra, E. and Olaguenaga, E.},
	Date-Added = {2014-08-05 20:40:16 +0000},
	Date-Modified = {2014-08-05 20:40:16 +0000},
	Doi = {10.1109/TPEL.2010.2062539},
	Issn = {0885-8993},
	Journal = {Power Electronics, IEEE Transactions on},
	Month = jan.,
	Number = {1},
	Pages = {272 -287},
	Title = {Matrix Converter Protection and Computational Capabilities Based on a System on Chip Design With an FPGA},
	Volume = {26},
	Year = {2011},
	Bdsk-Url-1 = {http://dx.doi.org/10.1109/TPEL.2010.2062539}}

@phdthesis{Ganster,
	Author = {Ganster, Ralf},
	Date-Added = {2014-08-05 20:40:16 +0000},
	Date-Modified = {2014-08-05 20:40:16 +0000},
	School = {RWTH Aachen},
	Title = {Metallorganische Gasphasenabscheidung (MOCVD) oxidischer D{\"u}nnschichten aus dem Materialsystem Barium-Titanat-Zirkonat f{\"u}r integrierte Kondensatoren},
	Year = {2004}}

@book{Lanfer,
	Author = {Lanfer, Hermann},
	Date-Added = {2014-08-05 20:40:16 +0000},
	Date-Modified = {2014-08-05 20:40:16 +0000},
	Publisher = {Reinhold-W{\"u}rth-Hochschule in K{\"u}nzelsau},
	Title = {Mitschriebe in der Vorlesung Systemtheorie},
	Year = {2008}}

@book{Schramm2009,
	Author = {Schramm, Andreas},
	Date-Added = {2014-08-05 20:40:16 +0000},
	Date-Modified = {2014-08-05 20:40:16 +0000},
	Publisher = {Masterthesis an der Reinhold-W{\"u}rth-Hochschule der Hochschule Heilbronn in K{\"u}nzelsau},
	Title = {Modellbasierte Entwicklung einer Regelungsstruktur zur Regelung von permanenterregten Synchronmaschinen mit Schenkelpolverhalten},
	Year = {2009}}

@phdthesis{Zwimpfer,
	Author = {Zwimpfer, Patrick Michel},
	Date-Added = {2014-08-05 20:40:16 +0000},
	Date-Modified = {2014-08-05 20:40:16 +0000},
	School = {Eidgen{\"o}ssische Technische Hochschule Z{\"u}rich},
	Title = {Modulationsverfahren f{\"u}r einen zweistufigen Matrixkonverter zur Speisung von Drehstromantrieben},
	Year = {2002}}

@book{Werner,
	Author = {Werner, Martin},
	Date-Added = {2014-08-05 20:40:16 +0000},
	Date-Modified = {2014-08-05 20:40:16 +0000},
	Edition = {7.},
	Publisher = {Vieweg + Teubner},
	Subtitle = {Eine Einf{\"u}hrung f{\"u}r alle Studieng{\"a}nge},
	Title = {Nachrichtentechnik},
	Year = {2010}}

@inproceedings{975379,
	Author = {Ziegler, M. and Hofmann, W.},
	Booktitle = {Power Electronics and Drive Systems, 2001. Proceedings., 2001 4th IEEE International Conference on},
	Date-Added = {2014-08-05 20:40:16 +0000},
	Date-Modified = {2014-08-05 20:40:16 +0000},
	Doi = {10.1109/PEDS.2001.975379},
	Keywords = {bidirectional switches; current direction measurement; current flow control; line input voltages commutation; matrix converters; natural free-wheeling paths; one-step commutation strategies; AC-AC power convertors; commutation; electric current control; switching circuits;},
	Month = oct.,
	Pages = {560 - 564 vol.2},
	Title = {New one-step commutation strategies in matrix converters},
	Volume = {2},
	Year = {2001},
	Bdsk-Url-1 = {http://dx.doi.org/10.1109/PEDS.2001.975379}}

@phdthesis{Naghib,
	Author = {Naghib zadeh, Hamid},
	Date-Added = {2014-08-05 20:40:16 +0000},
	Date-Modified = {2014-08-05 20:40:16 +0000},
	School = {Universit{\"a}t Erlangen},
	Title = {Niedrig-sinternde Kondensatorwerkstoffe auf der Basis von Bariumtitanat},
	Year = {2010}}

@book{Nocedal,
	Author = {Nocedal, Jorge and Wright, Stephen J.},
	Date-Added = {2014-08-05 20:40:16 +0000},
	Date-Modified = {2014-08-05 20:40:16 +0000},
	Edition = {2.},
	Publisher = {Springer Science and Business Media},
	Title = {Numerical Optimization},
	Year = {2006}}

@article{Harris,
	Author = {Harris, F.J.},
	Date-Added = {2014-08-05 20:40:16 +0000},
	Date-Modified = {2014-08-05 20:40:16 +0000},
	Doi = {10.1109/PROC.1978.10837},
	Issn = {0018-9219},
	Journal = {Proceedings of the IEEE},
	Month = jan.,
	Number = {1},
	Pages = {51 - 83},
	Title = {On the use of windows for harmonic analysis with the discrete Fourier transform},
	Volume = {66},
	Year = {1978},
	Bdsk-Url-1 = {http://dx.doi.org/10.1109/PROC.1978.10837}}

@book{Jarre,
	Author = {Jarre, Florian and Stoer, Josef},
	Date-Added = {2014-08-05 20:40:16 +0000},
	Date-Modified = {2014-08-05 20:40:16 +0000},
	Publisher = {Springer Verlag},
	Title = {Optimierung},
	Year = {2004}}

@article{Lettl,
	Author = {Lettl, J. and Fligl, S.},
	Date-Added = {2014-08-05 20:40:16 +0000},
	Date-Modified = {2014-08-05 20:40:16 +0000},
	Journal = {PIERS Proceedings},
	Month = {august},
	Title = {PWM strategy Applied to Realized Matrix Converter System},
	Year = {2007}}

@phdthesis{Winkelnkemper,
	Author = {Winkelnkemper, Manfred},
	Date-Added = {2014-08-05 20:40:16 +0000},
	Date-Modified = {2014-08-05 20:40:16 +0000},
	School = {Technische Universit{\"a}t Berlin},
	Title = {Reduzierung von Zwischenkreiskapazit{\"a}ten in Frequenzumrichtern f{\"u}r Niederspannungsantriebe},
	Year = {2005}}

@inproceedings{1429156,
	Author = {Krug, F. and Russer, P.},
	Booktitle = {Electromagnetic Compatibility, 2003. EMC '03. 2003 IEEE International Symposium on},
	Date-Added = {2014-08-05 20:40:16 +0000},
	Date-Modified = {2014-08-05 20:40:16 +0000},
	Doi = {10.1109/ICSMC2.2003.1429156},
	Keywords = {FFT based time-frequency analysis methods; RMS detector mode; average detector mode; broadband time domain EMI measurements; digital signal processing methods; phase spectra; quasipeak detector mode; short time spectra; signal processing algorithms; statistical evaluation; time domain electromagnetic interference measurement system; data acquisition; electromagnetic interference; fast Fourier transforms; real-time systems; signal processing; spectral analysis; superheterodyne receivers; time-frequency analysis;},
	Month = may,
	Pages = {1289 - 1292 Vol.2},
	Title = {Signal processing methods for time domain EMI measurements},
	Volume = {2},
	Year = {2003},
	Bdsk-Url-1 = {http://dx.doi.org/10.1109/ICSMC2.2003.1429156}}

@book{Frey,
	Author = {Frey, Thomas and Bossert, Martin},
	Date-Added = {2014-08-05 20:40:16 +0000},
	Date-Modified = {2014-08-05 20:40:16 +0000},
	Edition = {2.},
	Publisher = {Vieweg + Teubner},
	Title = {Signal- und Systemtheorie},
	Year = {2008}}

@book{Ohm,
	Author = {Ohm, Jens-Rainer and L{\"u}ke, Hans Dieter},
	Date-Added = {2014-08-05 20:40:16 +0000},
	Date-Modified = {2014-08-05 20:40:16 +0000},
	Edition = {11.},
	Publisher = {Springer Verlag},
	Subtitle = {Grundlagen der digitalen und analogen Nachrichten{\"u}bertragungssysteme},
	Title = {Signal{\"u}bertragung},
	Year = {2010}}

@book{Itsumi,
	Author = {Itsumi, Manabu},
	Date-Added = {2014-08-05 20:40:16 +0000},
	Date-Modified = {2014-08-05 20:40:16 +0000},
	Publisher = {Springer Verlag},
	Title = {SiO$_2$ in Si Microdevices},
	Year = {2002}}

@inproceedings{Casadei,
	Author = {Casadei, D. and Grandi, G. and Serra, G. and Tani, A.},
	Booktitle = {Power Electronics and Applications, 1993., Fifth European Conference on},
	Date-Added = {2014-08-05 20:40:16 +0000},
	Date-Modified = {2014-08-05 20:40:16 +0000},
	Keywords = {commutation sequence; current sensing; matrix converters; sinusoidal input/output waveforms; space vector modulation technique; switch commutations; switching strategies; three phase AC-AC matrix converter; unity input power factor; voltage transfer ratio; commutation; power convertors; power factor; switching; voltage control;},
	Month = {sep},
	Pages = {170 -175 vol.7},
	Title = {Space vector control of matrix converters with unity input power factor and sinusoidal input/output waveforms},
	Year = {1993}}

@article{schmelzer:132907,
	Author = {Schmelzer, S. and Br\"{a}uhaus, D. and Hoffmann-Eifert, S. and Meuffels, P. and B\"{o}ttger, U. and Oberbeck, L. and Reinig, P. and Schr\"{o}der, U. and Waser, R.},
	Date-Added = {2014-08-05 20:40:16 +0000},
	Date-Modified = {2014-08-05 20:40:16 +0000},
	Doi = {10.1063/1.3495990},
	Eid = {132907},
	Journal = {Applied Physics Letters},
	Keywords = {dielectric materials; electrodes; permittivity; sputter deposition; strontium compounds; surface roughness; thin film capacitors},
	Number = {13},
	Numpages = {3},
	Pages = {132907},
	Publisher = {AIP},
	Title = {SrTiO$_3$ thin film capacitors on silicon substrates with insignificant interfacial passive layers},
	Volume = {97},
	Year = {2010},
	Bdsk-Url-1 = {http://dx.doi.org/10.1063/1.3495990}}

@phdthesis{Igney,
	Author = {Igney, Jens},
	Date-Added = {2014-08-05 20:40:16 +0000},
	Date-Modified = {2014-08-05 20:40:16 +0000},
	School = {Universit{\"a}t Fridericiana Karlsruhe},
	Title = {Steuerverfahren f{\"u}r Matrixumrichter unter der besonderen Betrachtung der Eingangsblindleistung},
	Year = {2006}}

@article{JACE:JACE1648,
	Author = {Shende, Rajesh V. and Krueger, Daniel S. and Rossetti, George A. and Lombardo, Stephen J.},
	Date-Added = {2014-08-05 20:40:16 +0000},
	Date-Modified = {2014-08-05 20:40:16 +0000},
	Doi = {10.1111/j.1151-2916.2001.tb00893.x},
	Issn = {1551-2916},
	Journal = {Journal of the American Ceramic Society},
	Keywords = {strontium titanate, zirconate, dielectric materials/properties},
	Number = {7},
	Pages = {1648--1650},
	Publisher = {American Ceramics Society},
	Title = {Strontium Zirconate and Strontium Titanate Ceramics for High-Voltage Applications: Synthesis, Processing, and Dielectric Properties},
	Volume = {84},
	Year = {2001},
	Bdsk-Url-1 = {http://dx.doi.org/10.1111/j.1151-2916.2001.tb00893.x}}

@book{Tabellenbuch,
	Author = {H{\"a}berle, Gregor and others},
	Date-Added = {2014-08-05 20:40:16 +0000},
	Date-Modified = {2014-08-05 20:40:16 +0000},
	Edition = {21.},
	Publisher = {Europa-Lehrmittel Verlag},
	Title = {Tabellenbuch Elektrotechnik},
	Year = {2005}}

@book{Lindner,
	Author = {Lindner, Helmut and Brauer, Harry and Lehmann, Constans},
	Date-Added = {2014-08-05 20:40:16 +0000},
	Date-Modified = {2014-08-05 20:40:16 +0000},
	Edition = {9.},
	Publisher = {HANSER Verlag},
	Title = {Taschenbuch der Elektrotechnik und Elektronik},
	Year = {2008}}

@book{bronstein,
	Author = {Bron{\v{s}}tejn, I.N. and Musiol, G. and M{\"u}hlig, H.},
	Date-Added = {2014-08-05 20:40:16 +0000},
	Date-Modified = {2014-08-05 20:40:16 +0000},
	Isbn = {9783817120079},
	Publisher = {Deutsch},
	Title = {Taschenbuch der Mathematik},
	Year = {2008}}

@book{Briggs,
	Author = {Briggs, William L. and Henson, Van Emden},
	Date-Added = {2014-08-05 20:40:16 +0000},
	Date-Modified = {2014-08-05 20:40:16 +0000},
	Publisher = {Society for industrial and Applied Mathematics},
	Subtitle = {An Owner`s Manual for the Discrete Fourier Transform},
	Title = {The DFT},
	Year = {1995}}

@inproceedings{Kolar,
	Author = {Kolar, J.W. and Friedli, T. and Krismer, F. and Round, S.D.},
	Booktitle = {Power Electronics and Motion Control Conference, 2008. EPE-PEMC 2008. 13th},
	Date-Added = {2014-08-05 20:40:16 +0000},
	Date-Modified = {2014-08-05 20:40:16 +0000},
	Doi = {10.1109/EPEPEMC.2008.4635241},
	Keywords = {DC-link converter;converter circuits;indirect matrix converters;power semiconductors;space vector modulation;three-phase AC/AC converter;torque-speed plane;unidirectional matrix converter topology;AC-AC power convertors;matrix convertors;power semiconductor devices;},
	Month = {sept.},
	Pages = {27 -42},
	Title = {The essence of three-phase AC/AC converter systems},
	Year = {2008},
	Bdsk-Url-1 = {http://dx.doi.org/10.1109/EPEPEMC.2008.4635241}}

@article{5217220,
	Author = {Brigham, E. O. and Morrow, R. E.},
	Date-Added = {2014-08-05 20:40:16 +0000},
	Date-Modified = {2014-08-05 20:40:16 +0000},
	Doi = {10.1109/MSPEC.1967.5217220},
	Issn = {0018-9235},
	Journal = {Spectrum, IEEE},
	Month = dec.,
	Number = {12},
	Pages = {63 -70},
	Title = {The fast Fourier transform},
	Volume = {4},
	Year = {1967},
	Bdsk-Url-1 = {http://dx.doi.org/10.1109/MSPEC.1967.5217220}}

@article{655168,
	Author = {Moynihan, J.F. and Egan, M.G. and Murphy, J.M.D.},
	Date-Added = {2014-08-05 20:40:16 +0000},
	Date-Modified = {2014-08-05 20:40:16 +0000},
	Doi = {10.1049/ip-epa:19981564},
	Issn = {1350-2352},
	Journal = {Electric Power Applications, IEE Proceedings -},
	Keywords = {PWM inverter;asymmetrically sampled modulation schemes;asynchronous sinusoidal modulation schemes;geometric wall model method;harmonic amplitudes;harmonic performance;harmonic sidebands suppression;harmonic spectra;low order harmonics;modulating frequency;space vector modulated waveforms;theoretical spectra;DC-AC power convertors;PWM invertors;harmonic analysis;harmonic distortion;power system harmonics;vectors;},
	Month = jan,
	Number = {1},
	Pages = {17 -24},
	Title = {Theoretical spectra of space-vector-modulated waveforms},
	Volume = {145},
	Year = {1998},
	Bdsk-Url-1 = {http://dx.doi.org/10.1049/ip-epa:19981564}}

@phdthesis{Klug,
	Author = {Klug, Bernhard},
	Date-Added = {2014-08-05 20:40:16 +0000},
	Date-Modified = {2014-08-05 20:40:16 +0000},
	School = {Technische Universit{\"a}t Cottbus},
	Title = {Untersuchung der Steuerung f{\"u}r Matrixumrichter und Entwicklung eines neuen Verfahrens zur Reduzierung der Gleichkomponente mit der Raumvektormodulation},
	Year = {2005}}

@phdthesis{Ecklebe,
	Author = {Ecklebe, Andreas},
	Date-Added = {2014-08-05 20:40:16 +0000},
	Date-Modified = {2014-08-05 20:40:16 +0000},
	School = {Otto-von-Guericke-Universit{\"a}t Magdeburg},
	Title = {Untersuchung eines Matrixumrichters f{\"u}r kontaktlose Energie{\"u}bertragungssysteme},
	Year = {2009}}

@book{VDE0808-1,
	Author = {VDE},
	Date-Added = {2014-08-05 20:40:16 +0000},
	Date-Modified = {2014-08-05 20:40:16 +0000},
	Publisher = {VDE Verlag GmbH},
	Title = {VDE0808-1 - Signal{\"u}bertragung auf elektrischen Niederspannungsnetzen im Frequenzbereich 3\,kHz bis 148,5\,kHz - Teil~1: Allgemeine Anforderungen, Frequenzb{\"a}nder und elektromagnetische St{\"o}rungen},
	Year = {2010}}

@book{VDE0838-2,
	Author = {VDE},
	Date-Added = {2014-08-05 20:40:16 +0000},
	Date-Modified = {2014-08-05 20:40:16 +0000},
	Publisher = {VDE Verlag GmbH},
	Title = {VDE0838-2 - Elektromagnetische Vertr{\"a}glichkeit (EMV) - Teil 3-2: Grenzwerte - Grenzwerte f{\"u}r Oberschwingungsstr{\"o}me (Ger{\"a}te-Eingangsstrom $\leq$ 16\,A je Leiter)},
	Year = {2010}}

@book{VDE0876-16-1-1,
	Author = {VDE},
	Date-Added = {2014-08-05 20:40:16 +0000},
	Date-Modified = {2014-08-05 20:40:16 +0000},
	Publisher = {VDE Verlag GmbH},
	Title = {VDE0876-16-1-1 - Anforderungen an Ger{\"a}te und Einrichtungen sowie Festlegung der Verfahren zur Messung der hochfrequenten St{\"o}raussendung (Funkst{\"o}rungen) und St{\"o}rfestigkeit - Teil 1-1: Ger{\"a}te und Einrichtungen zur Messung der hochfrequenten St{\"o}raussendung (Funkst{\"o}rungen) und St{\"o}rfestigkeit - Messger{\"a}te},
	Year = {2010}}

@book{VDE0876-16-1-2,
	Author = {VDE},
	Date-Added = {2014-08-05 20:40:16 +0000},
	Date-Modified = {2014-08-05 20:40:16 +0000},
	Publisher = {VDE Verlag GmbH},
	Title = {VDE0876-16-1-2 - Anforderungen an Ger{\"a}te und Einrichtungen sowie Festlegung der Verfahren zur Messung der hochfrequenten St{\"o}raussendung (Funkst{\"o}rungen) und St{\"o}rfestigkeit - Teil 1-2: Ger{\"a}te und Einrichtungen zur Messung der hochfrequenten St{\"o}raussendung (Funkst{\"o}rungen) und St{\"o}rfestigkeit - Leitungsgef{\"u}hrte St{\"o}raussendung},
	Year = {2007}}

@webpage{Indu4,
	Date-Added = {2014-08-05 20:35:17 +0000},
	Date-Modified = {2014-08-05 20:51:32 +0000},
	Keywords = {industry 4.0, federal government germany},
	Lastchecked = {08/01/2014},
	Month = {08},
	Rating = {4},
	Read = {1},
	Title = {Project of the Future: Industry 4.0},
	Url = {http://www.bmbf.de/en/19955.php},
	Year = {2014}}
