Automatically generated by Mendeley Desktop 1.11
Any changes to this file will be lost if it is regenerated by Mendeley.

BibTeX export options can be customized via Preferences -> BibTeX in Mendeley Desktop

@misc{Daga,
author = {Daga, Akshay},
file = {:Users/tammschw/Documents/Mendeley Library/Daga/Unknown/2014 - Hex File Format - Daga.pdf:pdf},
language = {English},
title = {{Hex File Format}},
url = {http://www.engineersgarage.com/tutorials/what-is-hex-file-format},
year = {2014}
}
@book{Roth-StielowLE,
author = {Roth-Stielow, J\"{o}rg},
publisher = {Vorlesungsskript \& Mitschriebe an der Universit\{\"{a}\}t Stuttgart},
title = {{Leistungselektronik I}},
year = {2006}
}
@book{Werner,
author = {Werner, Martin},
edition = {7.},
publisher = {Vieweg + Teubner},
title = {{Nachrichtentechnik}},
year = {2010}
}
@book{Papula,
author = {Papula, Lothar},
edition = {9.},
publisher = {Vieweg Verlag},
title = {{Mathematische Formelsammlung}},
year = {2006}
}
@book{Ohm,
author = {Ohm, Jens-Rainer and L\"{u}ke, Hans Dieter},
edition = {11.},
publisher = {Springer Verlag},
title = {{Signal\{\"{u}\}bertragung}},
year = {2010}
}
@book{Nocedal,
author = {Nocedal, Jorge and Wright, Stephen J},
edition = {2.},
publisher = {Springer Science and Business Media},
title = {{Numerical Optimization}},
year = {2006}
}
@phdthesis{Winkelnkemper,
author = {Winkelnkemper, Manfred},
school = {Technische Universit\{\"{a}\}t Berlin},
title = {{Reduzierung von Zwischenkreiskapazit\{\"{a}\}ten in Frequenzumrichtern f\{\"{u}\}r Niederspannungsantriebe}},
year = {2005}
}
@book{VDE0808-1,
author = {VDE},
publisher = {VDE Verlag GmbH},
title = {{VDE0808-1 - Signal\{\"{u}\}bertragung auf elektrischen Niederspannungsnetzen im Frequenzbereich 3$\backslash$,kHz bis 148,5$\backslash$,kHz - Teil\~{}1: Allgemeine Anforderungen, Frequenzb\{\"{a}\}nder und elektromagnetische St\{\"{o}\}rungen}},
year = {2010}
}
@article{Alesina2,
author = {Alesina, A and Venturini, M G B},
doi = {10.1109/63.21879},
issn = {0885-8993},
journal = {Power Electronics, IEEE Transactions on},
keywords = {PWM;control algorithm;direct AC-AC converters;feed},
month = jan,
number = {1},
pages = {101--112},
title = {{Analysis and design of optimum-amplitude nine-switch direct AC-AC converters}},
volume = {4},
year = {1989}
}
@book{Jarre,
author = {Jarre, Florian and Stoer, Josef},
publisher = {Springer Verlag},
title = {{Optimierung}},
year = {2004}
}
@inproceedings{Casadei,
author = {Casadei, D and Grandi, G and Serra, G and Tani, A},
booktitle = {Power Electronics and Applications, 1993., Fifth European Conference on},
keywords = {commutation sequence; current sensing; matrix conv},
month = sep,
pages = {170 --175 vol.7},
title = {{Space vector control of matrix converters with unity input power factor and sinusoidal input/output waveforms}},
year = {1993}
}
@phdthesis{Ecklebe,
author = {Ecklebe, Andreas},
school = {Otto-von-Guericke-Universit\{\"{a}\}t Magdeburg},
title = {{Untersuchung eines Matrixumrichters f\{\"{u}\}r kontaktlose Energie\{\"{u}\}bertragungssysteme}},
year = {2009}
}
@phdthesis{Jussila,
author = {Jussila, Matti},
school = {Tampere University of Technology},
title = {{Comparison of Space-Vector-Modulated Direct and Indirect Matrix Converters in Low-Power Applications}},
year = {2007}
}
@article{655168,
author = {Moynihan, J F and Egan, M G and Murphy, J M D},
doi = {10.1049/ip-epa:19981564},
issn = {1350-2352},
journal = {Electric Power Applications, IEE Proceedings -},
keywords = {PWM inverter;asymmetrically sampled modulation sch},
month = jan,
number = {1},
pages = {17--24},
title = {{Theoretical spectra of space-vector-modulated waveforms}},
volume = {145},
year = {1998}
}
@inproceedings{975379,
author = {Ziegler, M and Hofmann, W},
booktitle = {Power Electronics and Drive Systems, 2001. Proceedings., 2001 4th IEEE International Conference on},
doi = {10.1109/PEDS.2001.975379},
keywords = {bidirectional switches; current direction measurem},
pages = {560 -- 564 vol.2},
title = {{New one-step commutation strategies in matrix converters}},
volume = {2},
year = {2001}
}
@webpage{Indu4,
author = {{Bundesministerium f\"{u}r Bildung und Forschung}},
file = {:Users/tammschw/Documents/Mendeley Library/Bundesministerium f\"{u}r Bildung und Forschung/Unknown/2014 - Project of the Future Industry 4.0 - Bundesministerium f\"{u}r Bildung und Forschung.pdf:pdf},
keywords = {T2000,federal government germany,industry 4.0},
mendeley-tags = {T2000},
title = {{Project of the Future: Industry 4.0}},
url = {http://www.bmbf.de/en/19955.php},
year = {2014}
}
@book{Lindner,
author = {Lindner, Helmut and Brauer, Harry and Lehmann, Constans},
edition = {9.},
publisher = {HANSER Verlag},
title = {{Taschenbuch der Elektrotechnik und Elektronik}},
year = {2008}
}
@book{Wangenheim,
author = {v. Wangenheim, Lutz},
publisher = {Springer Verlag},
title = {{Aktive Filter und Oszillatoren: Entwurf und Schaltungstechnik mit integrierten Bausteinen}},
year = {2008}
}
@inproceedings{1262828,
author = {Krug, F and Braun, S and Kishida, Y and Russer, P},
booktitle = {Microwave Conference, 2003. 33rd European},
doi = {10.1109/EUMC.2003.1262828},
keywords = {30 to 1000 MHz; digital quasi peak detector; digit},
pages = {1027 -- 1030 Vol.3},
title = {{A novel digital quasi-peak detector for time-domain measurements}},
volume = {3},
year = {2003}
}
@book{patent:7033406,
author = {{Weir Richard Dean (Cedar Park}, T X US) Nelson Carl Walter (Austin T X US)},
month = apr,
number = {7033406},
title = {{Electrical-energy-storage unit (EESU) utilizing ceramic and integrated-circuit technologies for replacement of electrochemical batteries}},
url = {http://www.freepatentsonline.com/7033406.html},
year = {2006}
}
@book{VDE0838-2,
author = {VDE},
publisher = {VDE Verlag GmbH},
title = {{VDE0838-2 - Elektromagnetische Vertr\{\"{a}\}glichkeit (EMV) - Teil 3-2: Grenzwerte - Grenzwerte f\{\"{u}\}r Oberschwingungsstr\{\"{o}\}me (Ger\{\"{a}\}te-Eingangsstrom $\backslash$leq 16$\backslash$,A je Leiter)}},
year = {2010}
}
@book{Itsumi,
author = {Itsumi, Manabu},
publisher = {Springer Verlag},
title = {{SiO\_2 in Si Microdevices}},
year = {2002}
}
@book{Moser2012,
abstract = {User-Experience Design Prozess, Designprozess -- Idee, Ideenfindung -- Business-Analyse -- Nutzerforschung -- Anforderungen -- Informationsarchitektur -- Interaktionsdesign, Interaktionsgestaltung -- Informationsdesign -- Visual design -- Usability Testing -- Evaluation, Methode, Evaluationsmethoden},
address = {Berlin, Heidelberg},
author = {Moser, Christian},
booktitle = {Mit erlebniszentrierter Softwareentwicklung zu Produkten, die begeistern},
file = {:Users/tammschw/Documents/Mendeley Library/Moser/Mit erlebniszentrierter Softwareentwicklung zu Produkten, die begeistern/2012 - User Experience Design - Moser.pdf:pdf},
isbn = {978-3-642-13363-3},
keywords = {Computer science,Information systems,Mass media,Software engineering,T2000},
mendeley-tags = {T2000},
pages = {Online--Ressource (VIII, 252 S. 100 Abb. in Farbe,},
publisher = {Springer Berlin Heidelberg},
title = {{User Experience Design}},
url = {http://dx.doi.org/10.1007/978-3-642-13363-3 http://swbplus.bsz-bw.de/bsz369427092cov.htm},
year = {2012}
}
@article{Juristo2006,
author = {Juristo, N and Moreno, AM and Strigel, W},
journal = {IEEE software},
title = {{Software testing practices in industry}},
url = {http://bit.csc.lsu.edu/~kundu/soft-engg/testingPracticesPaper.pdf},
year = {2006}
}
@book{VDE0876-16-1-2,
author = {VDE},
publisher = {VDE Verlag GmbH},
title = {{VDE0876-16-1-2 - Anforderungen an Ger\{\"{a}\}te und Einrichtungen sowie Festlegung der Verfahren zur Messung der hochfrequenten St\{\"{o}\}raussendung (Funkst\{\"{o}\}rungen) und St\{\"{o}\}rfestigkeit - Teil 1-2: Ger\{\"{a}\}te und Einrichtungen zur Messung der hochfrequenten St\{\"{o}\}r}},
year = {2007}
}
@book{Tietze,
author = {Tietze, U and Schenk, Ch.},
edition = {12.},
publisher = {Springer Verlag},
title = {{Halbleiter-Schaltungstechnik}},
year = {2002}
}
@book{Preuss,
author = {Preu\ss, Wolfgang},
publisher = {Fachbuchverlag Leipzig des Hanser Verlags},
title = {{Funktionaltransformationen}},
year = {2002}
}
@phdthesis{Marcks,
author = {Marcks, Mathias},
school = {Technische Universit\{\"{a}\}t Darmstadt},
title = {{Direkte Regelung eines Matrixumrichters sowie M\{\"{o}\}glichkeit zum stromlosen Schalten}},
year = {1998}
}
@article{Rombach2006,
author = {Rombach, Dieter and Kaiserslautern, T U and Cremers, Armin B and Ebert, J\"{u}rgen and Glesner, Sabine and Glinz, Martin and Goedi-, Michael and Goos, Gerhard and Gruhn, Volker and Hasselbring, Wilhelm and J\"{a}hnichen, Stefan and Kr\"{a}mer, Bernd and Leue, Stefan and Lewerentz, Claus and Liggesmeyer, Peter},
file = {:Users/tammschw/Documents/Mendeley Library/Rombach et al/Unknown/2006 - Dagstuhl-Manifest zur strategischen Bedeutung des Software Engineering in Deutschland Teil A Bestandsaufnahmen - Rombach et al.pdf:pdf},
keywords = {T2000},
mendeley-tags = {T2000},
title = {{Dagstuhl-Manifest zur strategischen Bedeutung des Software Engineering in Deutschland Teil A : Bestandsaufnahmen}},
year = {2006}
}
@book{VDE0876-16-1-1,
author = {VDE},
publisher = {VDE Verlag GmbH},
title = {{VDE0876-16-1-1 - Anforderungen an Ger\{\"{a}\}te und Einrichtungen sowie Festlegung der Verfahren zur Messung der hochfrequenten St\{\"{o}\}raussendung (Funkst\{\"{o}\}rungen) und St\{\"{o}\}rfestigkeit - Teil 1-1: Ger\{\"{a}\}te und Einrichtungen zur Messung der hochfrequenten St\{\"{o}\}r}},
year = {2010}
}
@inproceedings{Gabriel,
author = {Gabriel, Rupprecht},
booktitle = {ETG-Fachbericht},
pages = {213--220},
title = {{Integration und Mikroelektronik in der Antriebstechnik -- wie aus Systemen Komponenten werden.}},
volume = {72},
year = {1998}
}
@inproceedings{She,
author = {She, Hongwu and Lin, Hua and Wang, Xingwei and Yue, Limin},
booktitle = {Power Electronics and Drive Systems, 2009. PEDS 2009. International Conference on},
doi = {10.1109/PEDS.2009.5385684},
keywords = {LC input filter;buck PWM rectifier;current spike;d},
pages = {672--677},
title = {{Damped input filter design of matrix converter}},
year = {2009}
}
@phdthesis{Igney,
author = {Igney, Jens},
school = {Universit\{\"{a}\}t Fridericiana Karlsruhe},
title = {{Steuerverfahren f\{\"{u}\}r Matrixumrichter unter der besonderen Betrachtung der Eingangsblindleistung}},
year = {2006}
}
@article{5535191,
author = {Ormaetxea, E and Andreu, J and Kortabarria, I and Bidarte, U and de Alegri anda, I M and Ibarra, E and Olaguenaga, E},
doi = {10.1109/TPEL.2010.2062539},
issn = {0885-8993},
journal = {Power Electronics, IEEE Transactions on},
number = {1},
pages = {272--287},
title = {{Matrix Converter Protection and Computational Capabilities Based on a System on Chip Design With an FPGA}},
volume = {26},
year = {2011}
}
@book{Wangenheim2,
author = {v. Wangenheim, Lutz},
publisher = {GWV Fachverlage},
title = {{Analoge Signalverarbeitung}},
year = {2010}
}
@article{Ziogas,
author = {Ziogas, Phoivos D and Khan, Shahidul I and Rashid, Muhammad H},
doi = {10.1109/TIE.1986.350233},
issn = {0278-0046},
journal = {Industrial Electronics, IEEE Transactions on},
number = {3},
pages = {271--280},
title = {{Analysis and Design of Forced Commutated Cycloconverter Structures with Improved Transfer Characteristics}},
volume = {IE-33},
year = {1986}
}
@inproceedings{Boll,
author = {Boll, J and Fuchs, F W},
booktitle = {Industrial Electronics, 2005. ISIE 2005. Proceedings of the IEEE International Symposium on},
doi = {10.1109/ISIE.2005.1529014},
keywords = {direct control methods; direct current control; di},
month = jun,
pages = {781 -- 787 vol. 2},
title = {{Direct control methods for matrix converter and induction machine}},
volume = {2},
year = {2005}
}
@inproceedings{1429156,
author = {Krug, F and Russer, P},
booktitle = {Electromagnetic Compatibility, 2003. EMC '03. 2003 IEEE International Symposium on},
doi = {10.1109/ICSMC2.2003.1429156},
keywords = {FFT based time-frequency analysis methods; RMS det},
month = may,
pages = {1289 -- 1292 Vol.2},
title = {{Signal processing methods for time domain EMI measurements}},
volume = {2},
year = {2003}
}
@inproceedings{Kolar,
author = {Kolar, J W and Friedli, T and Krismer, F and Round, S D},
booktitle = {Power Electronics and Motion Control Conference, 2008. EPE-PEMC 2008. 13th},
doi = {10.1109/EPEPEMC.2008.4635241},
keywords = {DC-link converter;converter circuits;indirect matr},
pages = {27--42},
title = {{The essence of three-phase AC/AC converter systems}},
year = {2008}
}
@inproceedings{730300,
author = {Holmes, D G},
booktitle = {Industry Applications Conference, 1998. Thirty-Third IAS Annual Meeting. The 1998 IEEE},
doi = {10.1109/IAS.1998.730300},
keywords = {FFT;Jacobi-Anger expansions;carrier based PWM stra},
month = oct,
pages = {1207 --1214 vol.2},
title = {{A general analytical method for determining the theoretical harmonic components of carrier based PWM strategies}},
volume = {2},
year = {1998}
}
@book{Lau,
author = {Lau, Dietlinde},
publisher = {Springer Verlag},
title = {{Algebra und diskrete Mathematik 2}},
year = {2004}
}
@article{Glass2006,
author = {Glass, RL and Collard, R and Bertolino, A and Bach, J and Kaner, C},
file = {:Users/tammschw/Documents/Mendeley Library/Glass et al/IEEE Software/2006 - Software testing and industry needs - Glass et al.pdf:pdf},
journal = {IEEE Software},
title = {{Software testing and industry needs}},
url = {http://www.computer.org/csdl/mags/so/2006/04/s4055.pdf},
year = {2006}
}
@book{WE,
author = {Elektronik, W\"{u}rth},
title = {{Datenblatt der Ferrith\{\"{u}\}lse WE-AFB LFS 7427727}},
year = {2010}
}
@article{schmelzer:132907,
author = {Schmelzer, S and Br\"{a}uhaus, D and Hoffmann-Eifert, S and Meuffels, P and B\"{o}ttger, U and Oberbeck, L and Reinig, P and Schr\"{o}der, U and Waser, R},
doi = {10.1063/1.3495990},
journal = {Applied Physics Letters},
keywords = {dielectric materials; electrodes; permittivity; sp},
number = {13},
pages = {132907},
publisher = {AIP},
title = {{SrTiO\_3 thin film capacitors on silicon substrates with insignificant interfacial passive layers}},
volume = {97},
year = {2010}
}
@inproceedings{Alesina,
author = {Alesina, A and Venturini, M},
booktitle = {Power Electronics Specialists Conference, 1988. PESC '88 Record., 19th Annual IEEE},
doi = {10.1109/PESC.1988.18273},
keywords = {amplitude limits,control algorithm,direct AC-AC PW},
month = apr,
pages = {1284 --1291 vol.2},
title = {{Intrinsic amplitude limits and optimum design of 9-switches direct PWM AC-AC converters}},
year = {1988}
}
@article{Lettl,
author = {Lettl, J and Fligl, S},
journal = {PIERS Proceedings},
month = aug,
title = {{PWM strategy Applied to Realized Matrix Converter System}},
year = {2007}
}
@inproceedings{Larusdottir2010,
abstract = {A study exploring the focus on usability in testing practices in software development teams in Iceland using the agile software process Scrum is described in this paper. A survey was conducted to describe how testing is conducted and to what extent testing techniques are used. The results show that unit, integration, system and acceptance testing are the most frequent testing techniques used, but usability testing is not that common. Neither are alpha, beta, performance/load and security testing. Interviews were conducted to exemplify how practitioners conduct usability testing and what they describe as the difference between usability and acceptance testing. Some examples from the interviews show that practitioners are willing to do formal usability testing on extensive parts of the system, but because the iterations in Scrum are short and the changes to the system in each iteration are small, formal usability testing does not fit into the project work.},
author = {Larusdottir, MK and Bjarnadottir, ER and Gulliksen, Jan},
booktitle = {HCIS 2010},
doi = {10.1007/978-3-642-15231-3\_11},
editor = {Forbrig, P. and Paterno, F. and Mark-Pejtersen, A.},
isbn = {1868-4238$\backslash$r978-3-64215-230-6},
keywords = {agile development,practitioners,scrum,software testing,usability},
pages = {98--109},
publisher = {International Federation for Information Processing},
title = {{The Focus on Usability in Testing Practices in Industry}},
url = {http://link.springer.com/chapter/10.1007/978-3-642-15231-3\_11},
year = {2010}
}
@article{Mutschler,
author = {Mutschler, P and Marcks, M},
doi = {10.1109/41.993269},
issn = {0278-0046},
journal = {Industrial Electronics, IEEE Transactions on},
keywords = {10 kVA;400 Hz;AC-AC power conversion;DSP;active da},
month = apr,
number = {2},
pages = {362--369},
title = {{A direct control method for matrix converters}},
volume = {49},
year = {2002}
}
@phdthesis{Schinkel,
author = {Schinkel, Marcus},
school = {Technische Universit\{\"{a}\}t Berlin},
title = {{Entwurf und Simulation aktiver EMV-Filter f\{\"{u}\}r dreiphasige drehzahlver\{\"{a}\}nderbare Antriebe}},
year = {2009}
}
@article{JACE:JACE1648,
author = {Shende, Rajesh V and Krueger, Daniel S and Rossetti, George A and Lombardo, Stephen J},
doi = {10.1111/j.1151-2916.2001.tb00893.x},
issn = {1551-2916},
journal = {Journal of the American Ceramic Society},
keywords = { dielectric materials/properties, zirconate,strontium titanate},
number = {7},
pages = {1648--1650},
publisher = {American Ceramics Society},
title = {{Strontium Zirconate and Strontium Titanate Ceramics for High-Voltage Applications: Synthesis, Processing, and Dielectric Properties}},
volume = {84},
year = {2001}
}
@inproceedings{1187660,
author = {Zhen, Chen and Mingbin, Yu and Yi, Zhang and Lihui, Guo},
booktitle = {Microwave and Millimeter Wave Technology, 2002. Proceedings. ICMMT 2002. 2002 3rd International Conference on},
doi = {10.1109/ICMMT.2002.1187660},
keywords = {0.18 micron; MIMIM; RF characteristics; capacitanc},
pages = {163--166},
title = {{High capacitance density on-chip capacitor for Cu/SiO2 interconnect technology}},
year = {2002}
}
@book{Naundorf,
author = {Naundorf, U},
publisher = {Oldenburg Wissenschafts Verlag},
title = {{Digitale Elektronik}},
year = {2004}
}
@article{Harris,
author = {Harris, F J},
doi = {10.1109/PROC.1978.10837},
issn = {0018-9219},
journal = {Proceedings of the IEEE},
number = {1},
pages = {51--83},
title = {{On the use of windows for harmonic analysis with the discrete Fourier transform}},
volume = {66},
year = {1978}
}
@book{Briggs,
author = {Briggs, William L and Henson, Van Emden},
publisher = {Society for industrial and Applied Mathematics},
title = {{The DFT}},
year = {1995}
}
@book{Werner2,
author = {Werner, Martin},
edition = {4.},
publisher = {Vieweg + Teubner},
title = {{Digitale Signalverarbeitung mit MATLAB: Grundkurs mit 16 ausf\{\"{u}\}hrlichen Versuchen}},
year = {2009}
}
@inproceedings{4550056,
author = {Lee, Sangyong and Hyun, Jin-Gul and Pak, Jim So and Lee, Heejae and Jeon, Hyun Sin and Paik, Kyung-Wook},
booktitle = {Electronic Components and Technology Conference, 2008. ECTC 2008. 58th},
doi = {10.1109/ECTC.2008.4550056},
issn = {0569-5503},
keywords = {adhesive;composite embedded capacitor films;copper},
month = may,
pages = {742--746},
title = {{Fabrication and characterization of embedded capacitors in printed circuit boards using B-stage epoxy/BaTiO3 composite embedded capacitor films (ECFs)}},
year = {2008}
}
@book{Schramm2009,
author = {Schramm, Andreas},
publisher = {Masterthesis an der Reinhold-W\{\"{u}\}rth-Hochschule der Hochschule Heilbronn in K\{\"{u}\}nzelsau},
title = {{Modellbasierte Entwicklung einer Regelungsstruktur zur Regelung von permanenterregten Synchronmaschinen mit Schenkelpolverhalten}},
year = {2009}
}
@book{Benker,
author = {Benker, Hans},
publisher = {Springer Verlag},
title = {{Mathematische Optimierung mit Computeralgebrasystemen}},
year = {2004}
}
@book{Tabellenbuch,
author = {H\"{a}berle, Gregor and Others},
edition = {21.},
publisher = {Europa-Lehrmittel Verlag},
title = {{Tabellenbuch Elektrotechnik}},
year = {2005}
}
@book{Stoelting,
author = {St\"{o}lting, Hans-Dieter and Kallenbach, Eberhard},
publisher = {Hanser Verlag},
title = {{Handbuch elektrischer Kleinantriebe}},
year = {2006}
}
@book{Lanfer,
author = {Lanfer, Hermann},
publisher = {Reinhold-W\{\"{u}\}rth-Hochschule in K\{\"{u}\}nzelsau},
title = {{Mitschriebe in der Vorlesung Systemtheorie}},
year = {2008}
}
@phdthesis{Zwimpfer,
author = {Zwimpfer, Patrick Michel},
school = {Eidgen\{\"{o}\}ssische Technische Hochschule Z\{\"{u}\}rich},
title = {{Modulationsverfahren f\{\"{u}\}r einen zweistufigen Matrixkonverter zur Speisung von Drehstromantrieben}},
year = {2002}
}
@book{Butz,
author = {Butz, Tilman},
edition = {6.},
publisher = {Vieweg + Teubner},
title = {{Fouriertransformation f\{\"{u}\}r Fu\{\ss\}g\{\"{a}\}nger}},
year = {2009}
}
@book{Frey,
author = {Frey, Thomas and Bossert, Martin},
edition = {2.},
publisher = {Vieweg + Teubner},
title = {{Signal- und Systemtheorie}},
year = {2008}
}
@phdthesis{Lorentz,
author = {Lorentz, Vincent},
school = {Universit\{\"{a}\}t Erlangen},
title = {{Bidirektionale DC-Spannungswandlung f\{\"{u}\}r Kleinleistungsanwendungen}},
year = {2010}
}
@book{bronstein,
author = {Bron\v{s}tejn, I N and Musiol, G and M\"{u}hlig, H},
isbn = {9783817120079},
publisher = {Deutsch},
title = {{Taschenbuch der Mathematik}},
year = {2008}
}
@phdthesis{Naghib,
author = {Naghib zadeh, Hamid},
school = {Universit\{\"{a}\}t Erlangen},
title = {{Niedrig-sinternde Kondensatorwerkstoffe auf der Basis von Bariumtitanat}},
year = {2010}
}
@inproceedings{Schr1103:Hard,
abstract = {In recent years the simulation tools have been optimized for precise
modelling and simulation for their special purpose. Therefore the
simulation tools have been developed to model and simulate a certain
problem. In the past, the hardware was used to be modeled in a SPICE
simulator, the software in a signal and differential equation based
simulator. Nowadays the investigated systems are decreasingly only software
or only hardware but a complex system architecture of hard- and software
interlinked with each other. Therefore the interfaces of hard- and software
can not always be simpilfied to a simple mathematical function as an
initial precondition for isolated simulation of hard- and software. Due to
the absent ability of simplifying the interfaces, a Co-simulation of hard-
and software has to be performed. In this paper a holistic model of an
matrix converter is presented, modelling power electronics in PSPICE and
commutating logic as well as software in MATLAB/Simulink.},
address = {Cambridge, United Kingdom},
author = {Schramm, Andreas},
booktitle = {UKSim 13th International Conference on Computer Modelling and Simulation (UKSim2011)},
keywords = { MATLAB, PSPICE, cosimulation hardware, modelling, simulation, software,matrix converter},
title = {{A Hard- and Software Co-simulation Model of a Matrix Converter}},
year = {2011}
}
@book{Leifer2014,
address = {Cham},
author = {Leifer, Larry},
booktitle = {Building Innovation Eco-Systems},
editor = {Plattner, Hasso and Meinel, Christoph},
file = {:Users/tammschw/Documents/Mendeley Library/Leifer/Building Innovation Eco-Systems/2014 - Design Thinking Research - Leifer.pdf:pdf},
isbn = {978-331-90130-3-9},
keywords = {Computer science,Economics,Economics/Management Science,Information systems,Management information systems,Mass media,Software engineering,T2000},
mendeley-tags = {T2000},
pages = {Online--Ressource (VIII, 252 p. 72 illus, online re},
publisher = {Springer Berlin Heidelberg},
title = {{Design Thinking Research}},
url = {http://dx.doi.org/10.1007/978-3-319-01303-9 http://swbplus.bsz-bw.de/bsz393382044cov.htm},
year = {2014}
}
@phdthesis{Klug,
author = {Klug, Bernhard},
school = {Technische Universit\{\"{a}\}t Cottbus},
title = {{Untersuchung der Steuerung f\{\"{u}\}r Matrixumrichter und Entwicklung eines neuen Verfahrens zur Reduzierung der Gleichkomponente mit der Raumvektormodulation}},
year = {2005}
}
@article{5217220,
author = {Brigham, E O and Morrow, R E},
doi = {10.1109/MSPEC.1967.5217220},
issn = {0018-9235},
journal = {Spectrum, IEEE},
number = {12},
pages = {63--70},
title = {{The fast Fourier transform}},
volume = {4},
year = {1967}
}
@phdthesis{Ganster,
author = {Ganster, Ralf},
school = {RWTH Aachen},
title = {{Metallorganische Gasphasenabscheidung (MOCVD) oxidischer D\{\"{u}\}nnschichten aus dem Materialsystem Barium-Titanat-Zirkonat f\{\"{u}\}r integrierte Kondensatoren}},
year = {2004}
}
@book{Majchrzak2012,
address = {Berlin, Heidelberg},
author = {Majchrzak, Tim A},
booktitle = {Technical and Organizational Developments},
file = {:Users/tammschw/Documents/Mendeley Library/Majchrzak/Technical and Organizational Developments/2012 - Improving Software Testing - Majchrzak.pdf:pdf},
isbn = {978-3-642-27464-0},
keywords = {Computer system performance,Economics,Economics/Management Science,Management information systems,Software engineering,Softwaretest,T2000},
mendeley-tags = {T2000},
pages = {Online--Ressource (XVIII, 160p. 17 illus, digital)},
publisher = {Springer Berlin Heidelberg},
title = {{Improving Software Testing}},
url = {http://dx.doi.org/10.1007/978-3-642-27464-0},
year = {2012}
}
